
@article{vinyals2019grandmaster,
  title={Grandmaster level in StarCraft II using multi-agent reinforcement learning},
  author={Vinyals, Oriol and Babuschkin, Igor and Czarnecki, Wojciech M and Mathieu, Micha{\"e}l and Dudzik, Andrew and Chung, Junyoung and Choi, David H and Powell, Richard and Ewalds, Timo and Georgiev, Petko and others},
  journal={Nature},
  volume={575},
  number={7782},
  pages={350--354},
  year={2019},
  publisher={Nature Publishing Group}
}

@article{parisotto2019stabilizing,
  title={Stabilizing transformers for reinforcement learning},
  author={Parisotto, Emilio and Song, H Francis and Rae, Jack W and Pascanu, Razvan and Gulcehre, Caglar and Jayakumar, Siddhant M and Jaderberg, Max and Kaufman, Raphael Lopez and Clark, Aidan and Noury, Seb and others},
  journal={arXiv preprint arXiv:1910.06764},
  year={2019}
}

@inproceedings{vaswani2017attention,
  title={Attention is all you need},
  author={Vaswani, Ashish and Shazeer, Noam and Parmar, Niki and Uszkoreit, Jakob and Jones, Llion and Gomez, Aidan N and Kaiser, {\L}ukasz and Polosukhin, Illia},
  booktitle={Advances in neural information processing systems},
  pages={5998--6008},
  year={2017}
}

@article{schkufza2013stochastic,
  title={Stochastic superoptimization},
  author={Schkufza, Eric and Sharma, Rahul and Aiken, Alex},
  journal={ACM SIGARCH Computer Architecture News},
  volume={41},
  number={1},
  pages={305--316},
  year={2013},
  publisher={ACM New York, NY, USA}
}

@article{sennrich2015neural,
  title={Neural machine translation of rare words with subword units},
  author={Sennrich, Rico and Haddow, Barry and Birch, Alexandra},
  journal={arXiv preprint arXiv:1508.07909},
  year={2015}
}

@article{hochreiter1997long,
  title={Long short-term memory},
  author={Hochreiter, Sepp and Schmidhuber, J{\"u}rgen},
  journal={Neural computation},
  volume={9},
  number={8},
  pages={1735--1780},
  year={1997},
  publisher={MIT Press}
}

@book{sutton2018reinforcement,
  title={Reinforcement learning: An introduction},
  author={Sutton, Richard S and Barto, Andrew G},
  year={2018},
  publisher={MIT press}
}

@article{schulman2017proximal,
  title={Proximal policy optimization algorithms},
  author={Schulman, John and Wolski, Filip and Dhariwal, Prafulla and Radford, Alec and Klimov, Oleg},
  journal={arXiv preprint arXiv:1707.06347},
  year={2017}
}

@article{espeholt2018impala,
  title={Impala: Scalable distributed deep-rl with importance weighted actor-learner architectures},
  author={Espeholt, Lasse and Soyer, Hubert and Munos, Remi and Simonyan, Karen and Mnih, Volodymir and Ward, Tom and Doron, Yotam and Firoiu, Vlad and Harley, Tim and Dunning, Iain and others},
  journal={arXiv preprint arXiv:1802.01561},
  year={2018}
}

@inproceedings{liang2018memory,
  title={Memory augmented policy optimization for program synthesis and semantic parsing},
  author={Liang, Chen and Norouzi, Mohammad and Berant, Jonathan and Le, Quoc V and Lao, Ni},
  booktitle={Advances in Neural Information Processing Systems},
  pages={9994--10006},
  year={2018}
}

@inproceedings{allamanis2019adverse,
  title={The adverse effects of code duplication in machine learning models of code},
  author={Allamanis, Miltiadis},
  booktitle={Proceedings of the 2019 ACM SIGPLAN International Symposium on New Ideas, New Paradigms, and Reflections on Programming and Software},
  pages={143--153},
  year={2019}
}

@article{massalin1987superoptimizer,
  title={Superoptimizer: a look at the smallest program},
  author={Massalin, Henry},
  journal={ACM SIGARCH Computer Architecture News},
  volume={15},
  number={5},
  pages={122--126},
  year={1987},
  publisher={ACM New York, NY, USA}
}

@article{masanet2020recalibrating,
  title={Recalibrating global data center energy-use estimates},
  author={Masanet, Eric and Shehabi, Arman and Lei, Nuoa and Smith, Sarah and Koomey, Jonathan},
  journal={Science},
  volume={367},
  number={6481},
  pages={984--986},
  year={2020},
  publisher={American Association for the Advancement of Science}
}

@inproceedings{mirhoseini17deviceplacement,
  author    = {Azalia Mirhoseini and
              Hieu Pham and
              Quoc V. Le and
              Benoit Steiner and
              Rasmus Larsen and
              Yuefeng Zhou and
              Naveen Kumar and
              Mohammad Norouzi and
              Samy Bengio and
              Jeff Dean},
  editor    = {Doina Precup and
              Yee Whye Teh},
  title     = {Device Placement Optimization with Reinforcement Learning},
  booktitle = {Proceedings of the 34th International Conference on Machine Learning,
              {ICML} 2017, Sydney, NSW, Australia, 6-11 August 2017},
  series    = {Proceedings of Machine Learning Research},
  volume    = {70},
  pages     = {2430--2439},
  publisher = {{PMLR}},
  year      = {2017},
  url       = {http://proceedings.mlr.press/v70/mirhoseini17a.html},
  timestamp = {Wed, 29 May 2019 08:41:45 +0200},
  biburl    = {https://dblp.org/rec/conf/icml/MirhoseiniPLSLZ17.bib},
  bibsource = {dblp computer science bibliography, https://dblp.org}
}

@inproceedings{chen2018learning,
  title={Learning to optimize tensor programs},
  author={Chen, Tianqi and Zheng, Lianmin and Yan, Eddie and Jiang, Ziheng and Moreau, Thierry and Ceze, Luis and Guestrin, Carlos and Krishnamurthy, Arvind},
  booktitle={Advances in Neural Information Processing Systems},
  pages={3389--3400},
  year={2018}
}

@article{gammerman2013learning,
  title={Learning by transduction},
  author={Gammerman, Alex and Vovk, Volodya and Vapnik, Vladimir},
  journal={arXiv preprint arXiv:1301.7375},
  year={2013}
}

@book{kennedy2001optimizing,
  title={Optimizing compilers for modern architectures: a dependence-based approach},
  author={Kennedy, Ken and Allen, John R},
  year={2001},
  publisher={Morgan Kaufmann Publishers Inc.}
}

@inproceedings{allamanis2019adverse,
  title={The adverse effects of code duplication in machine learning models of code},
  author={Allamanis, Miltiadis},
  booktitle={Proceedings of the 2019 ACM SIGPLAN International Symposium on New Ideas, New Paradigms, and Reflections on Programming and Software},
  pages={143--153},
  year={2019}
}

@book{dragonbook,
  title={Compilers: Principles, Techniques, and Tools},
  author={Alfred V. Aho and Monica S. Lam and Ravi Sethi and Jeffrey D. Ullman},
  year={2006},
  publisher={Pearson Education, Inc.},
  edition=2,
}

@article{lee1997,
  title={Power analysis and minimization techniques for embedded {DSP} software},
  author={Mike Tien-Chien Lee and Vivek Tiwari and Sharad Malik and M. Fujita},
  journal={IEEE Transactions on Very Large Scale Integration (VLSI) Systems},
  year=1997,
  pages={123--135}
}

@article{dorn2017,
  title={Automatically Exploring Tradeoffs Between Software Output Fidelity and Energy Costs},
  author={Jonathan Dorn and Jeremy Lacomis and Westley Weimer and Stephanie Forrest},
  journal={IEEE Transactions on Software Engineering},
  year=2017,
}

@inproceedings{rinard2006,
  title={Probabilistic accuracy bounds for fault-tolerant computations that discard tasks},
  author={Martin Rinard},
  booktitle={International Conference on Supercomputing},
  year=2006,
  pages={324--334}
}

@techreport{allen1971,
  title={A Catalogue of Optimizing Transformations},
  author={Frances E. Allen and John Cocke},
  institution={IBM Thomas J. Watson Research Center},
  year=1971
}

@article{rice1953,
  title={Classes of recursively enumerable sets and their decision problems},
  journal={Transactions of the American Mathematical Society},
  author={Henry Gordon Rice},
  year=1953,
}

@techreport{sasnauskas2017,
  title={Souper: A Synthesizing Superoptimizer},
  author={Raimondas Sasnauskas and Yang Chen and Peter Collingbourne and Jeroen Ketema and Gratian Lup and Jubi Taneja and John Regehr},
  year=2017
}

@inproceedings{fftw,
  title={{FFTW}: an adaptive software architecture for the {FFT}},
  author={Matteo Frigo and Steven G. Johnson},
  year=1998,
  booktitle={IEEE International Conference on Acoustics, Speech, and Signal Processing}
}

@inproceedings{kulal2019,
  title={{SPoC}: search-based pseudocode to code},
  author={Sumith Kulal and Panupong Pasupat and Kartik Chandra and Mina Lee and Oded Padon and Alex Aiken and Percy Liang},
  booktitle={Advances in Neural Information Processing Systems},
  year={2019}
}

@inproceedings{zhong2020,
  title={Semantic Scaffolds for Pseudocode-to-Code Generation},
  author={Ruiqi Zhong and Mitchell Stern and Dan Klein},
  booktitle={Proceedings of the 58th Annual Meeting of the Association for Computational Linguistics},
  year=2020,
}

@inproceedings{shi2020,
  title={Deep Symbolic Superoptimization Without Human Knowledge},
  author={Hui Shi and Yang Zhang and Xinyun Chen and Yuandong Tian and Jishen Zhao},
  year=2020,
  booktitle={International Conference on Learning Representations},
}

@inproceedings{chen2020,
  title={Learning to Perform Local Rewriting for Combinatorial Optimization},
  author={Xinyun Chen and Yuandong Tian},
  booktitle={Advances in Neural Information Processing Systems},
  year={2020}
}

@inproceedings{yin-neubig-2017-syntactic,
    title = "A Syntactic Neural Model for General-Purpose Code Generation",
    author = "Yin, Pengcheng  and
      Neubig, Graham",
    booktitle = "Proceedings of the 55th Annual Meeting of the Association for Computational Linguistics (Volume 1: Long Papers)",
    month = jul,
    year = "2017",
    address = "Vancouver, Canada",
    publisher = "Association for Computational Linguistics",
    url = "https://www.aclweb.org/anthology/P17-1041",
    doi = "10.18653/v1/P17-1041",
    pages = "440--450",
    abstract = "We consider the problem of parsing natural language descriptions into source code written in a general-purpose programming language like Python. Existing data-driven methods treat this problem as a language generation task without considering the underlying syntax of the target programming language. Informed by previous work in semantic parsing, in this paper we propose a novel neural architecture powered by a grammar model to explicitly capture the target syntax as prior knowledge. Experiments find this an effective way to scale up to generation of complex programs from natural language descriptions, achieving state-of-the-art results that well outperform previous code generation and semantic parsing approaches.",
}

@inproceedings{smith2015,
  author = {Edward K. Smith and Earl Barr and Claire {Le Goues} and Yuriy Brun},
  title = {Is the Cure Worse than the Disease? Overfitting in Automated Program Repair},
  booktitle = {Proceedings of the 10th Joint Meeting of the European
  Software Engineering Conference and ACM SIGSOFT Symposium on the
  Foundations of Software Engineering (ESEC/FSE)},
  month = {September},
  year = {2015},
  date = {2--4},
  address = {Bergamo, Italy},
  pages = {532--543},
}

@inproceedings{ferger2014instruction,
  title={Instruction Set Optimization for Application Specific Processors},
  author={Ferger, Max and H{\"u}bner, Michael},
  booktitle={International Symposium on Applied Reconfigurable Computing},
  pages={268--274},
  year={2014},
  organization={Springer}
}

@article{bennett2008superoptimization,
  title={Superoptimization},
  author={Bennett, Jeremy},
  year={2008}
}

@article{gulwani2011synthesis,
  title={Synthesis of loop-free programs},
  author={Gulwani, Sumit and Jha, Susmit and Tiwari, Ashish and Venkatesan, Ramarathnam},
  journal={ACM SIGPLAN Notices},
  volume={46},
  number={6},
  pages={62--73},
  year={2011},
  publisher={ACM New York, NY, USA}
}

@article{silver2017mastering,
  title={Mastering chess and shogi by self-play with a general reinforcement learning algorithm},
  author={Silver, David and Hubert, Thomas and Schrittwieser, Julian and Antonoglou, Ioannis and Lai, Matthew and Guez, Arthur and Lanctot, Marc and Sifre, Laurent and Kumaran, Dharshan and Graepel, Thore and others},
  journal={arXiv preprint arXiv:1712.01815},
  year={2017}
}

@inproceedings{
shin2018synthetic,
title={Synthetic Datasets for Neural Program Synthesis},
author={Richard Shin and Neel Kant and Kavi Gupta and Chris Bender and Brandon Trabucco and Rishabh Singh and Dawn Song},
booktitle={International Conference on Learning Representations},
year={2019},
url={https://openreview.net/forum?id=ryeOSnAqYm},
}

@inproceedings{
bunel2018leveraging,
title={Leveraging Grammar and Reinforcement Learning for Neural Program Synthesis},
author={Rudy Bunel and Matthew Hausknecht and Jacob Devlin and Rishabh Singh and Pushmeet Kohli},
booktitle={International Conference on Learning Representations},
year={2018},
url={https://openreview.net/forum?id=H1Xw62kRZ},
}

@article{parisotto2016neuro,
  title={Neuro-symbolic program synthesis},
  author={Parisotto, Emilio and Mohamed, Abdel-rahman and Singh, Rishabh and Li, Lihong and Zhou, Dengyong and Kohli, Pushmeet},
  journal={arXiv preprint arXiv:1611.01855},
  year={2016}
}

@article{devlin2017robustfill,
  title={Robustfill: Neural program learning under noisy i/o},
  author={Devlin, Jacob and Uesato, Jonathan and Bhupatiraju, Surya and Singh, Rishabh and Mohamed, Abdel-rahman and Kohli, Pushmeet},
  journal={arXiv preprint arXiv:1703.07469},
  year={2017}
}

@article{mckeeman1965peephole,
  title={Peephole optimization},
  author={McKeeman, William M},
  journal={Communications of the ACM},
  volume={8},
  number={7},
  pages={443--444},
  year={1965},
  publisher={ACM New York, NY, USA}
}

@book{pattis1981karel,
  title={Karel the robot: a gentle introduction to the art of programming},
  author={Pattis, Richard E},
  year={1981},
  publisher={John Wiley \& Sons, Inc.}
}

@inproceedings{chen2019learning,
  title={Learning to perform local rewriting for combinatorial optimization},
  author={Chen, Xinyun and Tian, Yuandong},
  booktitle={Advances in Neural Information Processing Systems},
  pages={6281--6292},
  year={2019}
}

@article{bunel2016learning,
  title={Learning to superoptimize programs},
  author={Bunel, Rudy and Desmaison, Alban and Kumar, M Pawan and Torr, Philip HS and Kohli, Pushmeet},
  journal={arXiv preprint arXiv:1611.01787},
  year={2016}
}

@inproceedings{sutton2000policy,
  title={Policy gradient methods for reinforcement learning with function approximation},
  author={Sutton, Richard S and McAllester, David A and Singh, Satinder P and Mansour, Yishay},
  booktitle={Advances in neural information processing systems},
  pages={1057--1063},
  year={2000}
}

@inproceedings{hindle2012naturalness,
  title={On the naturalness of software},
  author={Hindle, Abram and Barr, Earl T and Su, Zhendong and Gabel, Mark and Devanbu, Premkumar},
  booktitle={2012 34th International Conference on Software Engineering (ICSE)},
  pages={837--847},
  year={2012},
  organization={IEEE}
}

@inproceedings{schulman2015trust,
  title={Trust region policy optimization},
  author={Schulman, John and Levine, Sergey and Abbeel, Pieter and Jordan, Michael and Moritz, Philipp},
  booktitle={International conference on machine learning},
  pages={1889--1897},
  year={2015}
}

@article{oh2018self,
  title={Self-imitation learning},
  author={Oh, Junhyuk and Guo, Yijie and Singh, Satinder and Lee, Honglak},
  journal={arXiv preprint arXiv:1806.05635},
  year={2018}
}


@book{warren2013hacker,
  title={Hacker's delight},
  author={Warren, Henry S},
  year={2013},
  publisher={Pearson Education}
}

@inproceedings{de2008z3,
  title={Z3: An efficient SMT solver},
  author={De Moura, Leonardo and Bj{\o}rner, Nikolaj},
  booktitle={International conference on Tools and Algorithms for the Construction and Analysis of Systems},
  pages={337--340},
  year={2008},
  organization={Springer}
}